<?xml version="1.0" encoding="UTF-8"?>
<record xmlns="http://www.loc.gov/MARC21/slim" xmlns:xsi="http://www.w3.org/2001/XMLSchema-instance" xsi:schemaLocation="http://www.loc.gov/MARC21/slim http://www.loc.gov/standards/marcxml/schema/MARC21slim.xsd">
<leader>00000nam a22      a 4500</leader>
<controlfield tag="001">003337189</controlfield>
<controlfield tag="003">NNU</controlfield>
<controlfield tag="005">20100609082459.0</controlfield>
<controlfield tag="008">100609s1956    iq c          000 0 ara d</controlfield>
<datafield tag="010" ind1=" " ind2=" ">
<subfield code="a">   90966929</subfield>
</datafield>
<datafield tag="035" ind1=" " ind2=" ">
<subfield code="a">(OCoLC)137568677</subfield>
</datafield>
<datafield tag="035" ind1=" " ind2=" ">
<subfield code="a">(CStRLIN)CTYN00-B1067</subfield>
</datafield>
<datafield tag="040" ind1=" " ind2=" ">
<subfield code="a">NN</subfield>
<subfield code="c">YUS</subfield>
</datafield>
<datafield tag="042" ind1=" " ind2=" ">
<subfield code="a">lccopycat</subfield>
</datafield>
<datafield tag="043" ind1=" " ind2=" ">
<subfield code="a">a-iq---</subfield>
</datafield>
<datafield tag="050" ind1="0" ind2="0">
<subfield code="a">PN6519.A7</subfield>
<subfield code="b">D33 1956 &lt;Orien Arab&gt;</subfield>
</datafield>
<datafield tag="100" ind1="1" ind2=" ">
<subfield code="6">880-01</subfield>
<subfield code="a">Dabbāgh, ʻAbd al-Khāliq Khalīl.</subfield>
</datafield>
<datafield tag="245" ind1="1" ind2="0">
<subfield code="6">880-02</subfield>
<subfield code="a">Muʻjam amthāl al-Mawṣil al-ʻāmmīyah :</subfield>
<subfield code="b">sharḥ wa-taḥlīl /</subfield>
<subfield code="c">ʻAbd al-Khāliq Khalīl al-Dabbāgh al-Hudhalī.</subfield>
</datafield>
<datafield tag="250" ind1=" " ind2=" ">
<subfield code="6">880-03</subfield>
<subfield code="a">al-Ṭabʻah 1.</subfield>
</datafield>
<datafield tag="260" ind1=" " ind2=" ">
<subfield code="6">880-04</subfield>
<subfield code="a">al-Mawṣil :</subfield>
<subfield code="b">al-Maktabah al-ʻArabīyah,</subfield>
<subfield code="c">1956.</subfield>
</datafield>
<datafield tag="300" ind1=" " ind2=" ">
<subfield code="a">2 v. :</subfield>
<subfield code="b">ports. ;</subfield>
<subfield code="c">25 cm.</subfield>
</datafield>
<datafield tag="500" ind1=" " ind2=" ">
<subfield code="a">Title on p. 4 of cover: Anthology of Mosul sayings.</subfield>
</datafield>
<datafield tag="504" ind1=" " ind2=" ">
<subfield code="a">Includes bibliographical references.</subfield>
</datafield>
<datafield tag="650" ind1=" " ind2="0">
<subfield code="a">Proverbs, Arabic</subfield>
<subfield code="z">Iraq</subfield>
<subfield code="z">Mosul.</subfield>
</datafield>
<datafield tag="740" ind1="0" ind2=" ">
<subfield code="a">Anthology of Mosul sayings.</subfield>
</datafield>
<datafield tag="880" ind1="1" ind2=" ">
<subfield code="6">100-01/</subfield>
<subfield code="a">دباغ، عبد الخالق خليل.</subfield>
</datafield>
<datafield tag="880" ind1="1" ind2="0">
<subfield code="6">245-02/</subfield>
<subfield code="a">معجم أمثال الموصل العامية :</subfield>
<subfield code="b">شرح وتحليل /</subfield>
<subfield code="c">عبد الخالق خليل الدباغ الهذلي.</subfield>
</datafield>
<datafield tag="880" ind1=" " ind2=" ">
<subfield code="6">250-03/</subfield>
<subfield code="a">الطبعة 1.</subfield>
</datafield>
<datafield tag="880" ind1=" " ind2=" ">
<subfield code="6">260-04/</subfield>
<subfield code="a">الموصل :</subfield>
<subfield code="b">المكتبة العربية،</subfield>
<subfield code="c">1956.</subfield>
</datafield>
<datafield tag="OWN" ind1=" " ind2=" ">
<subfield code="a">GENERAL</subfield>
</datafield>
<datafield tag="AVA" ind1=" " ind2=" ">
<subfield code="a">NYU50</subfield>
<subfield code="b">BOBST</subfield>
<subfield code="c">Main Collection</subfield>
<subfield code="d">PN6519.A7 D3</subfield>
<subfield code="e">unavailable</subfield>
<subfield code="t">Unavailable</subfield>
<subfield code="f">1</subfield>
<subfield code="g">1</subfield>
<subfield code="h">Y</subfield>
<subfield code="i">0</subfield>
<subfield code="j">MAIN</subfield>
<subfield code="k">0</subfield>
</datafield>
</record>
